@article{TaoZhi2017,
  author = {Tao, Zhi-Gang and Luo, Yun-Feng and Chen, Chang-Xin and Wang, Ming-Zhe and Ni, Feng},
  address = {ABINGDON},
  copyright = {2015 Taylor \& Francis 2015},
  issn = {1751-7575},
  journal = {Enterprise information systems},
  language = {eng},
  number = {5},
  pages = {627-651},
  publisher = {Taylor \& Francis},
  title = {{Enterprise application architecture development based on DoDAF and TOGAF}},
  volume = {11},
  year = {2017},
}

@book{Friedenthal2008,
  author = {Friedenthal, Sanford and Moore, Alan and Steiner, Rick},
  address = {San Francisco},
  isbn = {9780123743794},
  keywords = {Systems engineering ; Core Programming ; SysML (Computer science)},
  publisher = {Elsevier Science \& Technology},
  title = {{Practical Guide to SysML: Systems Modeling Language}},
  year = {2008},
  doi = {10.1016/C2013-0-14457-1},
}

@book{Kossiakoff2011,
  author = {Kossiakoff, Alexander and Biemer, Steven M and Seymour, Sam and Sweet, William N},
  isbn = {9781118001028},
  keywords = {Systems engineering},
  language = {eng},
  publisher = {Wiley-Blackwell},
  title = {{Systems Engineering: Principles and Practice}},
  year = {2011},
}

@book{Casse2017,
  author = {Casse, Olivier},
  address = {London},
  isbn = {9780081017739},
  keywords = {TECHNOLOGY \& ENGINEERING / Engineering (General)},
  publisher = {Elsevier},
  title = {{SysML in Action with Cameo Systems Modeler}},
  year = {2017},
  doi = {10.1016/C2016-0-00866-5},
}

@article{Bergenthal2011,
  title = {{Final Report Model Based Engineering ({MBE}) Subcommittee}},
  author = {Bergenthal, Jeff},
  journal = {NDIA Systems Engineering Division-M\&S Committee},
  year = {2011},
  publisher = {Citeseer},
}

@book{Morkevicius2014,
  title = {{Architectural Frame for SysML}},
  author = {Morkevicius, Aurelijus},
  year = {2014},
  publisher = {Magicdraw},
}

@conference{Stroud2016,
    author={Stroud, Bob and Ertas, Atila},  
    booktitle={2016 Annual IEEE Systems Conference (SysCon)},   title={Enterprise cyclomatic complexity},   
    year={2016},  
    volume={},  
    number={},  
    pages={1-7},  
    doi={10.1109/SYSCON.2016.7490520}}
}

@conference{INCOSE_2007,
  title={Systems engineering vision 2020},
  booktitle={Systems engineering vision 2020},
  author={INCOSE, T},
  journal={INCOSE, San Diego, CA, accessed Jan},
  volume={26},
  pages={2019},
  year={2007}
}
}

@conference{Manoir2019,
  author={du Manoir Geoffroy, le Courtois and Shruthi, Shreedharan and Yan, Zhang and Mingze, Ma},
  booktitle={2019 International Symposium on Systems Engineering (ISSE)}, 
  title={Architecture and design definition processes: Return of experiment about complementary MBSE tools to model consistent architecture layers and to support design trade-offs through a set based concurrent engineering approach}, 
  year={2019},
  volume={},
  number={},
  pages={1-7},
  doi={10.1109/ISSE46696.2019.8984581}}
}

@book{Voirin2017,
  title = {{Model-based system and architecture engineering with the arcadia method}},
  author = {Voirin, Jean-Luc},
  year = {2017},
  publisher = {ISTE Press - Elsevier},
}

@book{StarnellPeter1991,
  author = {Starnell, Peter},
  copyright = {APPROVED FOR PUBLIC RELEASE},
  language = {eng},
  publisher = {ANALYTIC SCIENCES CORP ARLINGTON VA},
  title = {{Defense Acquisition System. An Executive Summary of DODD 5000.1, DODI 5000.2, and DOD Manual 5000.2}},
  year = {1991},
  doi = {{10.21236/ada338554} corpus id = {109456388}},
}

@book{Ieee15288_2015,
  isbn = {0-7381-9531-6},
  language = {eng},
  publisher = {IEEE},
  organization = {IEEE},
  title = {ISO/IEC/IEEE 15288 First edition 2015-05-15: ISO/IEC/IEEE International Standard - Systems and software engineering -- System life cycle processes},
  year = {2015},
  doi = {10.1109/IEEESTD.2015.7106435},
  pages = {1-118},
}

@book{Pesler2011,
  title = {{MIL-HDBK-520A SYSTEM REQUIREMENTS DOCUMENT GUIDANCE}},
  publisher = {DEPARTMENT OF DEFENSE},
  year = {2011},
  author = {PESLER, JEFFERY L.},
}

@book{ChiefInformationOfficer2010,
  title = {{{DODAF} - {DOD} Architecture Framework Version 2.02 - {DOD} Deputy Chief Information Officer}},
  author = {Chief Information Officer},
  publisher = {Office of the Department of Defense},
  year = {2010},
  link = {https://dodcio.defense.gov/Library/DoD-Architecture-Framework/},
}

@book{NASAHandbook2016,
  address = {Washington, D.C},
  edition = {REV 2.},
  keywords = {United States National Aeronautics and Space Administration},
  language = {eng},
  organization = {NASA},
  publisher = {National Aeronautics and Space Administration},
  series = {NASA/SP ; 2016-6105},
  title = {{{NASA} systems engineering handbook}},
  year = {2016},
}

@book{MIL-STD-961E_2003,
  title = {{MIL-STD-961 E DEFENSE PROGRAM-UNIQUE S FORMAT CONTENT}},
  year = {2003},
  publisher = {DEPARTMENT OF DEFENSE},
  author = {Defense Standardization Program Office (DSPO)},
}

@book{Ieee420102011,
  isbn = {0-7381-7142-5},
  language = {eng},
  publisher = {IEEE},
  organization = {IEEE},
  title = {{ISO/IEC/IEEE 42010:2011(E) (Revision of ISO/IEC 42010:2007 and IEEE Std 1471-2000)}},
  year = {2011},
}

@techreport{Claxton2005,
  title = {{Test and evaluation management guide}},
  author = {Claxton, John D and Cavoli, Christina and Johnson, Collie},
  school = {Defense Acquisition Univ FT Belvior VA},
  year = {2005},
}

@book{AoAHandbook2010,
  title = {{Analysis of Alternatives (AoA) Handbook}},
  year = {2010},
  publisher = {Office of Aerospace Studies},
  author = {Air Force Materiel Command},
}
